<record><leader>00000cas a22000007a 4500</leader><controlfield tag="001">39725287</controlfield><controlfield tag="008">980820d19742001vauwr ne      0    0eng d</controlfield><datafield ind1=" " ind2=" " tag="010"><subfield code="a">sn 98068465 </subfield></datafield><datafield ind1=" " ind2=" " tag="040"><subfield code="a">NVK</subfield><subfield code="b">eng</subfield><subfield code="c">NVK</subfield><subfield code="d">DLC</subfield><subfield code="d">NVK</subfield><subfield code="d">OCLCQ</subfield><subfield code="d">OCLCF</subfield><subfield code="d">OCLCO</subfield></datafield><datafield ind1="1" ind2=" " tag="029"><subfield code="a">AU@</subfield><subfield code="b">000022563483</subfield></datafield><datafield ind1=" " ind2=" " tag="042"><subfield code="a">msc</subfield></datafield><datafield ind1="0" ind2=" " tag="130"><subfield code="a">Virginia Beach sun (Virginia Beach, Va. : 1974)</subfield></datafield><datafield ind1="0" ind2="0" tag="245"><subfield code="a">Virginia Beach sun.</subfield></datafield><datafield ind1=" " ind2=" " tag="260"><subfield code="a">Virginia Beach, Va. :</subfield><subfield code="b">Byerly Publications,</subfield><subfield code="c">1974-2001.</subfield></datafield><datafield ind1=" " ind2=" " tag="300"><subfield code="a">v.</subfield></datafield><datafield ind1=" " ind2=" " tag="310"><subfield code="a">Weekly</subfield></datafield><datafield ind1="0" ind2=" " tag="362"><subfield code="a">Vol. 49, no. 43 (Oct. 16/22, 1974)-vol. 73, no. 8 (Mar. 2, 2001).</subfield></datafield><datafield ind1=" " ind2=" " tag="500"><subfield code="a">Byerly Publications, Inc. offices in Virginia Beach, Franklin, and possibly other locations.</subfield></datafield><datafield ind1=" " ind2="0" tag="651"><subfield code="a">Virginia Beach (Va.)</subfield><subfield code="v">Newspapers.</subfield></datafield><datafield ind1=" " ind2="7" tag="655"><subfield code="a">Newspapers.</subfield><subfield code="2">fast</subfield><subfield code="0">(OCoLC)fst01423814</subfield></datafield><datafield ind1=" " ind2="7" tag="651"><subfield code="a">Virginia</subfield><subfield code="z">Virginia Beach.</subfield><subfield code="2">fast</subfield><subfield code="0">(OCoLC)fst01208712</subfield></datafield><datafield ind1=" " ind2=" " tag="752"><subfield code="a">United States</subfield><subfield code="b">Virginia</subfield><subfield code="d">Virginia Beach.</subfield></datafield><datafield ind1="0" ind2="0" tag="780"><subfield code="t">Sun (Virginia Beach, Va.)</subfield><subfield code="w">(DLC)sn 98068282</subfield></datafield></record>